@UNPUBLISHED{BeRe,
	AUTHOR= "Behrens, Mark and Rezk, Charles",
	TITLE= "The Bousfield-Kuhn functor and topological Andre-Quillen cohomology",
	NOTE="Preprint, http://math.mit.edu/~mbehrens/papers/index.html."
}

@UNPUBLISHED{BP_sq,
	AUTHOR = {Bonventre, Peter and Pereira, Lu{\'i}s Alexandre},
	TITLE = {Equivariant simplicial operads and dendroidal sets},
	NOTE = {In progress},
}

@UNPUBLISHED{BP_edss,
	AUTHOR = {Bonventre, Peter and Pereira, Lu{\'i}s Alexandre},
	TITLE = {Equivariant dendroidal {S}egal spaces and {$G$-$\infty$-}operads},
	NOTE = {arXiv preprint \href{https://arxiv.org/abs/1801.02110v3}{1801.02110v3}},
}

@UNPUBLISHED{BP_geo,
	AUTHOR = {Bonventre, Peter and Pereira, Lu{\'i}s Alexandre},
	TITLE = {Genuine equivariant operads},
	NOTE = {arXiv preprint \href{https://arxiv.org/abs/1707.02226v1}{1707.02226v1}},
}

@UNPUBLISHED{BP_HGOP,
	AUTHOR = {Bonventre, Peter and Pereira, Lu{\'i}s Alexandre},
	TITLE = {On the homotopy theory of equivariant colored operads},
	NOTE = {In preparation}
}

@UNPUBLISHED{BP_TAS,
	AUTHOR = {Bonventre, Peter and Pereira, Lu{\'i}s Alexandre},
	TITLE = {Equivariant dendroidal sets and simplicial operads},
	NOTE = {In preparation}
}

@article{GW18,
AUTHOR = {Guti\'{e}rrez, Javier J. and White, David},
     TITLE = {Encoding equivariant commutativity via operads},
   JOURNAL = {Algebr. Geom. Topol.},
  FJOURNAL = {Algebraic \& Geometric Topology},
    VOLUME = {18},
      YEAR = {2018},
    NUMBER = {5},
     PAGES = {2919--2962},
      ISSN = {1472-2747},
   MRCLASS = {55P42 (55P48 55P60 55P91 55U35)},
  MRNUMBER = {3848404},
MRREVIEWER = {Steffen Sagave},
       DOI = {10.2140/agt.2018.18.2919},
       URL = {https://doi-org.ezproxy.uky.edu/10.2140/agt.2018.18.2919},
}

@article{WY18,
    AUTHOR = {White, David and Yau, Donald},
     TITLE = {Bousfield localization and algebras over colored operads},
   JOURNAL = {Appl. Categ. Structures},
  FJOURNAL = {Applied Categorical Structures. A Journal Devoted to
              Applications of Categorical Methods in Algebra, Analysis,
              Order, Topology and Computer Science},
    VOLUME = {26},
      YEAR = {2018},
    NUMBER = {1},
     PAGES = {153--203},
      ISSN = {0927-2852},
   MRCLASS = {18D50 (18G55 55P48)},
  MRNUMBER = {3749666},
MRREVIEWER = {Ricardo Campos},
       DOI = {10.1007/s10485-017-9489-8},
       URL = {https://doi-org.ezproxy.uky.edu/10.1007/s10485-017-9489-8},
}

@article {Whi17,
    AUTHOR = {White, David},
     TITLE = {Model structures on commutative monoids in general model
              categories},
   JOURNAL = {J. Pure Appl. Algebra},
  FJOURNAL = {Journal of Pure and Applied Algebra},
    VOLUME = {221},
      YEAR = {2017},
    NUMBER = {12},
     PAGES = {3124--3168},
      ISSN = {0022-4049},
   MRCLASS = {18D10 (55U35)},
  MRNUMBER = {3666740},
MRREVIEWER = {Javier J. Guti\'{e}rrez},
       DOI = {10.1016/j.jpaa.2017.03.001},
       URL = {https://doi-org.ezproxy.uky.edu/10.1016/j.jpaa.2017.03.001},
}

@UNPUBLISHED{Whi_mbl,
	title = {Monoidal {B}ousfield Localizations and Algebras over Operads},
	author = {White, David},
	note = {arXiv preprint \href{https://arxiv.org/abs/1404.5197}{1404.5197}}
}


@UNPUBLISHED{Per_eds,
	AUTHOR = {Pereira, Lu{\'i}s Alexandre},
	TITLE = {Equivariant dendroidal sets},
	NOTE = {arXiv preprint \url{1702.08119}},
}

@article{Per18,
    AUTHOR = {Pereira, Lu{\'i}s Alexandre},
     TITLE = {Equivariant dendroidal sets},
   JOURNAL = {Algebr. Geom. Topol.},
  FJOURNAL = {Algebraic \& Geometric Topology},
    VOLUME = {18},
      YEAR = {2018},
    NUMBER = {4},
     PAGES = {2179--2244},
      ISSN = {1472-2747},
   MRCLASS = {55U10 (18G30 55U35 55U40)},
  MRNUMBER = {3797065},
MRREVIEWER = {Constanze Roitzheim},
       DOI = {10.2140/agt.2018.18.2179},
       URL = {https://doi.org/10.2140/agt.2018.18.2179},
}

@ARTICLE{KP17,
    AUTHOR = {Kuhn, Nicholas and Pereira, Lu{\'i}s Alexandre},
     TITLE = {Operad bimodules and composition products on
              {A}ndr\'e--{Q}uillen filtrations of algebras},
   JOURNAL = {Algebr. Geom. Topol.},
  FJOURNAL = {Algebraic \& Geometric Topology},
    VOLUME = {17},
      YEAR = {2017},
    NUMBER = {2},
     PAGES = {1105--1130},
      ISSN = {1472-2747},
   MRCLASS = {55P43 (18D50)},
  MRNUMBER = {3623683},
       DOI = {10.2140/agt.2017.17.1105},
       URL = {http://dx.doi.org/10.2140/agt.2017.17.1105}
}

@BOOK{Ri17,
	AUTHOR = {Riehl, Emily},
	TITLE = {Category theory in context},
	PUBLISHER = {Dover Publications},
	YEAR = {2017},
}

@UNPUBLISHED{Rub_nf,
	AUTHOR = {Rubin, J.},
	TITLE = {On the realization problem for {$N_\infty$} operads},
	NOTE = {arXiv preprint \href{https://arxiv.org/abs/1705.03585}{1705.03585}},
}

@ARTICLE{HHM16,
	AUTHOR = {Heuts, G. and Hinich, V. and Moerdijk, Ieke},
	TITLE = {On the equivalence between {L}urie's model and the dendroidal
              model for infinity-operads},
	JOURNAL = {Adv. Math.},
	FJOURNAL = {Advances in Mathematics},
	VOLUME = {302},
	YEAR = {2016},
	PAGES = {869--1043},
	ISSN = {0001-8708},
	CODEN = {ADMTA4},
	MRCLASS = {Preliminary Data},
	MRNUMBER = {3545944},
	DOI = {10.1016/j.aim.2016.07.021},
	URL = {http://dx.doi.org/10.1016/j.aim.2016.07.021},
}


@article {HHR16,
    AUTHOR = {Hill, M. A. and Hopkins, M. J. and Ravenel, D. C.},
     TITLE = {On the nonexistence of elements of {K}ervaire invariant one},
   JOURNAL = {Ann. of Math. (2)},
  FJOURNAL = {Annals of Mathematics. Second Series},
    VOLUME = {184},
      YEAR = {2016},
    NUMBER = {1},
     PAGES = {1--262},
      ISSN = {0003-486X},
   MRCLASS = {55P91 (55N22 55P42 55Q45 55T15 55U35 57R15)},
  MRNUMBER = {3505179},
MRREVIEWER = {Paul G. Goerss},
       DOI = {10.4007/annals.2016.184.1.1},
       URL = {https://doi-org.ezproxy.uky.edu/10.4007/annals.2016.184.1.1},
}

@MISC{Lei16,
	title = {Monoidal Categories with Projections},
	author = {Leister, T.},
	year = {2016},
	howpublished = {\url{https://golem.ph.utexas.edu/category/2016/08/monoidal_categories_with_proje.html}},
	note = {From "The n-{C}ategory {C}af\'e"}
}

@ARTICLE{Pe16,
	AUTHOR = {Pereira, Lu{\'i}s Alexandre},
	TITLE = {Cofibrancy of operadic constructions in positive symmetric spectra},
	JOURNAL = {Homology Homotopy Appl.},
	FJOURNAL = {Homology, Homotopy and Applications},
	VOLUME = {18},
	YEAR = {2016},
	NUMBER = {2},
	PAGES = {133--168},
	ISSN = {1532-0073},
	MRCLASS = {55P43 (55P48 55U35)},
	MRNUMBER = {3547239},
	MRREVIEWER = {Steffen Sagave},
	DOI = {10.4310/HHA.2016.v18.n2.a7},
	URL = {http://dx.doi.org/10.4310/HHA.2016.v18.n2.a7},
}

@article {Ste16,
	AUTHOR = {Stephan, M.},
	TITLE = {On equivariant homotopy theory for model categories},
	JOURNAL = {Homology Homotopy Appl.},
	FJOURNAL = {Homology, Homotopy and Applications},
	VOLUME = {18},
	YEAR = {2016},
	NUMBER = {2},
	PAGES = {183--208},
	ISSN = {1532-0073},
	MRCLASS = {55P91 (18G55 20J15)},
	MRNUMBER = {3551501},
	MRREVIEWER = {Bruce R. Corrigan-Salter},
	DOI = {10.4310/HHA.2016.v18.n2.a10},
	URL = {http://dx.doi.org/10.4310/HHA.2016.v18.n2.a10},
}

@ARTICLE{BH15,
	AUTHOR = {Blumberg, Andrew and Hill, Michael},
	TITLE = {Operadic multiplications in equivariant spectra, norms, and
              transfers},
	JOURNAL = {Adv. Math.},
	FJOURNAL = {Advances in Mathematics},
	VOLUME = {285},
	YEAR = {2015},
	PAGES = {658--708},
	ISSN = {0001-8708},
	MRCLASS = {Preliminary Data},
	MRNUMBER = {3406512},
	DOI = {10.1016/j.aim.2015.07.013},
	URL = {http://dx.doi.org/10.1016/j.aim.2015.07.013},
}

@UNPUBLISHED{Do15,
	AUTHOR = {Dotto, E.},
	TITLE = "Higher equivariant excision",
	NOTE = "{Available at:  \texttt{http://arxiv.org/abs/1507.01909}}",
	YEAR = "2015"
}

@ARTICLE{FV15,
	AUTHOR = {Fiedorowicz, Z. and Vogt, R. M.},
	TITLE = {An additivity theorem for the interchange of {$E_n$}
              structures},
	JOURNAL = {Adv. Math.},
	FJOURNAL = {Advances in Mathematics},
	VOLUME = {273},
	YEAR = {2015},
	PAGES = {421--484},
	ISSN = {0001-8708},
	MRCLASS = {18D50},
	MRNUMBER = {3311768},
	DOI = {10.1016/j.aim.2014.10.020},
	URL = {http://dx.doi.org/10.1016/j.aim.2014.10.020},
}

@ARTICLE{HaCo15,
	AUTHOR = {Harper, J.},
	TITLE = {Corrigendum to ``{H}omotopy theory of modules over operads in
              symmetric spectra'' [ {MR}2539191]},
	JOURNAL = {Algebr. Geom. Topol.},
	FJOURNAL = {Algebraic \& Geometric Topology},
	VOLUME = {15},
	YEAR = {2015},
	NUMBER = {2},
	PAGES = {1229--1237},
	ISSN = {1472-2747},
	MRCLASS = {55P43 (55P48 55U35)},
	MRNUMBER = {3342691},
	DOI = {10.2140/agt.2015.15.1229},
	URL = {http://dx.doi.org.proxy.its.virginia.edu/10.2140/agt.2015.15.1229},
}

@UNPUBLISHED{HP15,
	AUTHOR = "M. Hausmann and Pereira, Lu{\'i}s Alexandre",
	TITLE = "Graph stable equivalences and operadic constructions in equivariant spectra",
	NOTE = "{Available at:  \texttt{http://www.faculty.virginia.edu/luisalex/}}",
	YEAR = "2015"
}

@UNPUBLISHED{Pe15,
	AUTHOR = "Pereira, Lu{\'i}s Alexandre",
	TITLE = "Filtrations of colored operadic constructions and excisiveness of truncated operadic functors",
	NOTE = "{Available at:  \url{http://www.faculty.virginia.edu/luisalex/}}",
	YEAR = "2015"
}

@UNPUBLISHED{CM14,
	AUTHOR = {Cisinski, Denis-Charles and Moerdijk, Ieke},
	TITLE = {Note on the tensor product of dendroidal sets},
	YEAR = {2014},
	URL = {http://dx.doi.org/10.1112/jtopol/jtt004},
	NOTE = {Available at:  \texttt{https://arxiv.org/abs/1403.6507}},
}

@UNPUBLISHED{Ha14,
	AUTHOR={Hausmann, M.},
	TITLE="G-symmetric spectra, semistability and the multiplicative norm",
	NOTE = {Available at:  \texttt{http://arxiv.org/abs/1411.2290}},
	YEAR = "2014"
}

@BOOK{Ri14,
	AUTHOR = {Riehl, Emily},
	TITLE = {Categorical homotopy theory},
	SERIES = {New Mathematical Monographs},
	VOLUME = {24},
	PUBLISHER = {Cambridge University Press, Cambridge},
	YEAR = {2014},
	PAGES = {xviii+352},
	ISBN = {978-1-107-04845-4},
	MRCLASS = {18G55 (18D20 55U35)},
	MRNUMBER = {3221774},
	MRREVIEWER = {David A. Blanc},
	DOI = {10.1017/CBO9781107261457},
	URL = {http://dx.doi.org.proxy.its.virginia.edu/10.1017/CBO9781107261457},
}

@article {RV14,
    AUTHOR = {Riehl, Emily and Verity, Dominic},
     TITLE = {The theory and practice of {R}eedy categories},
   JOURNAL = {Theory Appl. Categ.},
  FJOURNAL = {Theory and Applications of Categories},
    VOLUME = {29},
      YEAR = {2014},
     PAGES = {256--301},
      ISSN = {1201-561X},
   MRCLASS = {55U35 (18D10 18G30)},
  MRNUMBER = {3217884},
MRREVIEWER = {David A. Blanc},
}


@article {Sta14,
    AUTHOR = {Stanculescu, Alexandru E.},
     TITLE = {Constructing model categories with prescribed fibrant objects},
   JOURNAL = {Theory Appl. Categ.},
  FJOURNAL = {Theory and Applications of Categories},
    VOLUME = {29},
      YEAR = {2014},
     PAGES = {No. 23, 635--653},
      ISSN = {1201-561X},
   MRCLASS = {18G55 (18D20)},
  MRNUMBER = {3274498},
MRREVIEWER = {Emily Riehl},
}

@ARTICLE{CM13a,
	AUTHOR = {Cisinski, Denis-Charles and Moerdijk, Ieke},
	TITLE = {Dendroidal {S}egal spaces and {$\infty$}-operads},
	JOURNAL = {J. Topol.},
	FJOURNAL = {Journal of Topology},
	VOLUME = {6},
	YEAR = {2013},
	NUMBER = {3},
	PAGES = {675--704},
	ISSN = {1753-8416},
	MRCLASS = {55P48 (18G55 55U35)},
	MRNUMBER = {3100887},
	MRREVIEWER = {David Chataur},
	DOI = {10.1112/jtopol/jtt004},
	URL = {http://dx.doi.org/10.1112/jtopol/jtt004},
}

@ARTICLE{CM13b,
	AUTHOR = {Cisinski, Denis-Charles and Moerdijk, Ieke},
	TITLE = {Dendroidal sets and simplicial operads},
	JOURNAL = {J. Topol.},
	FJOURNAL = {Journal of Topology},
	VOLUME = {6},
	YEAR = {2013},
	NUMBER = {3},
	PAGES = {705--756},
	ISSN = {1753-8416},
	MRCLASS = {18D50 (18D30 55P48 55U10)},
	MRNUMBER = {3100888},
	MRREVIEWER = {David Chataur},
	DOI = {10.1112/jtopol/jtt006},
	URL = {http://dx.doi.org/10.1112/jtopol/jtt006},
}

@UNPUBLISHED{GM_presheaves,
	AUTHOR = {Guillou, B. and May, J. P.},
	TITLE = {Models of {G}-spectra as presheaves of spectra},
	NOTE = {arXiv preprint \href{https://arxiv.org/pdf/1110.3571.pdf}{1110.3571}}
}

@article {GM17,
    AUTHOR = {Guillou, B. and May, J. P.},
     TITLE = {Equivariant iterated loop space theory and permutative
              {$G$}-categories},
   JOURNAL = {Algebr. Geom. Topol.},
  FJOURNAL = {Algebraic \& Geometric Topology},
    VOLUME = {17},
      YEAR = {2017},
    NUMBER = {6},
     PAGES = {3259--3339},
      ISSN = {1472-2747},
   MRCLASS = {55P42 (18D10 18D50 55P47 55P48 55P91)},
  MRNUMBER = {3709647},
MRREVIEWER = {Steffen Sagave},
       DOI = {10.2140/agt.2017.17.3259},
       URL = {https://doi-org.ezproxy.uky.edu/10.2140/agt.2017.17.3259},
}

@ARTICLE{HH13,
AUTHOR = {Harper, John E. and Hess, Kathryn},
	TITLE = {Homotopy completion and topological {Q}uillen homology of
              structured ring spectra},
	JOURNAL = {Geom. Topol.},
	FJOURNAL = {Geometry \& Topology},
	VOLUME = {17},
	YEAR = {2013},
	NUMBER = {3},
	PAGES = {1325--1416},
	ISSN = {1465-3060},
	MRCLASS = {55P43 (18G55 55P48 55U35)},
	MRNUMBER = {3073927},
	MRREVIEWER = {Daniel A. Ramras},
	DOI = {10.2140/gt.2013.17.1325},
	URL = {http://dx.doi.org.proxy.its.virginia.edu/10.2140/gt.2013.17.1325},
}

@UNPUBLISHED{Pe13a,
	AUTHOR="Pereira, Lu{\'i}s Alexandre",
	TITLE="A general context for {G}oodwillie calculus",
	NOTE = {Available at:  \texttt{http://arxiv.org/abs/1301.2832v1}},
	YEAR = "2013"
}

@UNPUBLISHED{Pe13b,
	AUTHOR="Pereira, Lu{\'i}s Alexandre",
	TITLE="{G}oodwillie calculus in the category of algebras over a spectral operad",
	NOTE = {Available at:  \texttt{http://www.faculty.virginia.edu/luisalex/research.html}},
	YEAR = "2013"
}

@UNPUBLISHED{Wei12,
	AUTHOR = {Weiss, Ittay},
	TITLE = {Broad posets, trees, and the dendroidal category},
	NOTE = {arXiv preprint \href{https://arxiv.org/abs/1201.3987}{\texttt{1201.3987}}},
	YEAR = "2012"
}

@ARTICLE{AC11,
	AUTHOR = {Arone, Greg and Ching, Michael},
	TITLE = {Operads and chain rules for the calculus of functors},
	JOURNAL = {Ast\'erisque},
	FJOURNAL = {Ast\'erisque},
	NUMBER = {338},
	YEAR = {2011},
	PAGES = {vi+158},
	ISSN = {0303-1179},
	ISBN = {978-2-85629-308-9},
	MRCLASS = {55P65 (18D50 55P42 55P48 55U35)},
	MRNUMBER = {2840569 (2012i:55012)},
	MRREVIEWER = {Beno\^ {\i}t Fresse},
}

@ARTICLE{BM11,
	AUTHOR = {Berger, Clemens and Moerdijk, Ieke},
	TITLE = {On an extension of the notion of {R}eedy category},
	JOURNAL = {Math. Z.},
	FJOURNAL = {Mathematische Zeitschrift},
	VOLUME = {269},
	YEAR = {2011},
	NUMBER = {3-4},
	PAGES = {977--1004},
	ISSN = {0025-5874},
	CODEN = {MAZEAX},
	MRCLASS = {18G55 (18G30 55U35)},
	MRNUMBER = {2860274},
	MRREVIEWER = {Philippe Gaucher},
	DOI = {10.1007/s00209-010-0770-x},
	URL = {http://dx.doi.org/10.1007/s00209-010-0770-x},
}

@ARTICLE{CM11,
	AUTHOR = {Cisinski, Denis-Charles and Moerdijk, Ieke},
	TITLE = {Dendroidal sets as models for homotopy operads},
	JOURNAL = {J. Topol.},
	FJOURNAL = {Journal of Topology},
	VOLUME = {4},
	YEAR = {2011},
	NUMBER = {2},
	PAGES = {257--299},
	ISSN = {1753-8416},
	MRCLASS = {55P48 (18D10 18G30 18G55 55U10 55U40)},
	MRNUMBER = {2805991},
	MRREVIEWER = {Julia Bergner},
	DOI = {10.1112/jtopol/jtq039},
	URL = {http://dx.doi.org/10.1112/jtopol/jtq039},
}

@ARTICLE{DS11,
	AUTHOR = {Dugger, Daniel and Spivak, David I.},
	TITLE = {Rigidification of quasi-categories},
	JOURNAL = {Algebr. Geom. Topol.},
	FJOURNAL = {Algebraic \& Geometric Topology},
	VOLUME = {11},
	YEAR = {2011},
	NUMBER = {1},
	PAGES = {225--261},
	ISSN = {1472-2747},
	MRCLASS = {55U40 (18G30)},
	MRNUMBER = {2764042},
	MRREVIEWER = {G\'erald Gaudens},
	URL = {https://doi.org/10.2140/agt.2011.11.225},
	       DOI = {10.2140/agt.2011.11.225},
}

@ARTICLE{Fr11,
	AUTHOR = {Fresse, Benoit},
	TITLE = {Koszul duality of {$E_n$}-operads},
	JOURNAL = {Selecta Math. (N.S.)},
	FJOURNAL = {Selecta Mathematica. New Series},
	VOLUME = {17},
	YEAR = {2011},
	NUMBER = {2},
	PAGES = {363--434},
	ISSN = {1022-1824},
	CODEN = {SMATF6},
	MRCLASS = {55P48 (18G55 55S12)},
	MRNUMBER = {2803847 (2012d:55012)},
	MRREVIEWER = {Paul G. Goerss},
	DOI = {10.1007/s00029-010-0047-6},
	URL = {http://dx.doi.org/10.1007/s00029-010-0047-6},
}

@UNPUBLISHED{Rob11,
	AUTHOR = {Robertson, Marcy},
	TITLE = {The homotopy theory of simplicially enriched multicategories},
	YEAR = {2011},
	NOTE = {arXiv preprint \href{https://arxiv.org/abs/1111.4146}{1111.4146}}
}

@ARTICLE{Rez10,
	AUTHOR = {Rezk, Charles},
	TITLE = {A {C}artesian presentation of weak {$n$}-categories},
	JOURNAL = {Geom. Topol.},
	FJOURNAL = {Geometry \& Topology},
	VOLUME = {14},
	YEAR = {2010},
	NUMBER = {1},
	PAGES = {521--571},
	ISSN = {1465-3060},
	MRCLASS = {18D05 (55U40)},
	MRNUMBER = {2578310},
	URL = {https://doi.org/10.2140/gt.2010.14.521},
}

@BOOK{Fre09,
	AUTHOR = {Fresse, B.},
	TITLE = {Modules over operads and functors},
	SERIES = {Lecture Notes in Mathematics},
	VOLUME = {1967},
	PUBLISHER = {Springer-Verlag, Berlin},
	YEAR = {2009},
	PAGES = {x+308},
	ISBN = {978-3-540-89055-3},
	MRCLASS = {18D50 (18G50 55P48 57T30)},
	MRNUMBER = {2494775},
	MRREVIEWER = {Paul G. Goerss},
	DOI = {10.1007/978-3-540-89056-0},
	URL = {http://dx.doi.org/10.1007/978-3-540-89056-0},
}

@BOOK{GJ,
	AUTHOR = {Goerss, Paul G. and Jardine, John F.},
	TITLE = {Simplicial homotopy theory},
	SERIES = {Modern Birkh\"auser Classics},
	NOTE = {Reprint of the 1999 edition [MR1711612]},
	PUBLISHER = {Birkh\"auser Verlag, Basel},
	YEAR = {2009},
	PAGES = {xvi+510},
	ISBN = {978-3-0346-0188-7},
	MRCLASS = {55U10 (18G55)},
	MRNUMBER = {2840650},
	DOI = {10.1007/978-3-0346-0189-4},
	URL = {http://dx.doi.org.proxy.its.virginia.edu/10.1007/978-3-0346-0189-4},
}

@ARTICLE{Har09,
	AUTHOR = {Harper, John E.},
	TITLE = {Homotopy theory of modules over operads in symmetric spectra},
	JOURNAL = {Algebr. Geom. Topol.},
	FJOURNAL = {Algebraic \& Geometric Topology},
	VOLUME = {9},
	YEAR = {2009},
	NUMBER = {3},
	PAGES = {1637--1680},
	ISSN = {1472-2747},
	MRCLASS = {55P43 (55P48 55U35)},
	MRNUMBER = {2539191 (2011d:55019)},
	MRREVIEWER = {Andrey Yu. Lazarev},
	DOI = {10.2140/agt.2009.9.1637},
	URL = {http://dx.doi.org.proxy.its.virginia.edu/10.2140/agt.2009.9.1637},
}

@book {Lur09,
	AUTHOR = {Lurie, Jacob},
	TITLE = {Higher topos theory},
	SERIES = {Annals of Mathematics Studies},
	VOLUME = {170},
	PUBLISHER = {Princeton University Press, Princeton, NJ},
	YEAR = {2009},
	PAGES = {xviii+925},
	ISBN = {978-0-691-14049-0; 0-691-14049-9},
	MRCLASS = {18-02 (18B25 18E35 18G30 18G55 55U40)},
	MRNUMBER = {2522659},
	MRREVIEWER = {Mark Hovey},
	DOI = {10.1515/9781400830558},
	URL = {http://dx.doi.org/10.1515/9781400830558},
}

@ARTICLE{MW09,
	AUTHOR = {Moerdijk, Ieke and Weiss, I.},
	TITLE = {On inner {K}an complexes in the category of dendroidal sets},
	JOURNAL = {Adv. Math.},
	FJOURNAL = {Advances in Mathematics},
	VOLUME = {221},
	YEAR = {2009},
	NUMBER = {2},
	PAGES = {343--389},
	ISSN = {0001-8708},
	CODEN = {ADMTA4},
	MRCLASS = {55U10 (18D50 18G30 55U40)},
	MRNUMBER = {2508925},
	MRREVIEWER = {Julia Bergner},
	DOI = {10.1016/j.aim.2008.12.015},
	URL = {http://dx.doi.org/10.1016/j.aim.2008.12.015},
}

@article {Ber07,
    AUTHOR = {Bergner, Julia E.},
     TITLE = {A characterization of fibrant {S}egal categories},
   JOURNAL = {Proc. Amer. Math. Soc.},
  FJOURNAL = {Proceedings of the American Mathematical Society},
    VOLUME = {135},
      YEAR = {2007},
    NUMBER = {12},
     PAGES = {4031--4037},
      ISSN = {0002-9939},
   MRCLASS = {55U35 (18G30)},
  MRNUMBER = {2341955},
MRREVIEWER = {David A. Blanc},
       URL = {https://doi.org/10.1090/S0002-9939-07-08924-1},
}

@ARTICLE{DP07,
	AUTHOR = {Do\v{s}en, K. and Petri\'c, Z.},
	TITLE = {Relevant categories and partial functions},
	JOURNAL = {Publ. Inst. Math. (Beograd) (N.S.)},
	FJOURNAL = {Institut Math\'ematique. Publications. Nouvelle S\'erie},
	VOLUME = {82(96)},
	YEAR = {2007},
	PAGES = {17--23},
	ISSN = {0350-1302},
	MRCLASS = {03B47 (03F52 03G30 18D10 18D15)},
	MRNUMBER = {2412160},
	MRREVIEWER = {Robert A. G. Seely},
	DOI = {10.2298/PIM0796017D},
	URL = {http://dx.doi.org/10.2298/PIM0796017D},
}

@incollection {JT07,
    AUTHOR = {Joyal, A. and Tierney, M.},
     TITLE = {Quasi-categories vs {S}egal spaces},
 BOOKTITLE = {Categories in algebra, geometry and mathematical physics},
    SERIES = {Contemp. Math.},
    VOLUME = {431},
     PAGES = {277--326},
 PUBLISHER = {Amer. Math. Soc., Providence, RI},
      YEAR = {2007},
   MRCLASS = {55U35 (18G55)},
  MRNUMBER = {2342834},
MRREVIEWER = {Nicola Gambino},
       URL = {https://doi.org/10.1090/conm/431/08278},
              DOI = {10.1090/conm/431/08278},
}
	

@ARTICLE{MW07,
	AUTHOR = {Moerdijk, Ieke and Weiss, Ittay},
	TITLE = {Dendroidal sets},
	JOURNAL = {Algebr. Geom. Topol.},
	FJOURNAL = {Algebraic \& Geometric Topology},
	VOLUME = {7},
	YEAR = {2007},
	PAGES = {1441--1470},
	ISSN = {1472-2747},
	MRCLASS = {55P48 (18D10 18G30 55U10 55U40)},
	MRNUMBER = {2366165},
	DOI = {10.2140/agt.2007.7.1441},
	URL = {http://dx.doi.org/10.2140/agt.2007.7.1441},
}

@ARTICLE{EM06,
	AUTHOR = {Elmendorf, A. D. and Mandell, M. A.},
	TITLE = {Rings, modules, and algebras in infinite loop space theory},
	JOURNAL = {Adv. Math.},
	FJOURNAL = {Advances in Mathematics},
	VOLUME = {205},
	YEAR = {2006},
	NUMBER = {1},
	PAGES = {163--228},
	ISSN = {0001-8708},
	CODEN = {ADMTA4},
	MRCLASS = {19D23 (18D10 55P43)},
	MRNUMBER = {2254311 (2007g:19001)},
	MRREVIEWER = {J. P. C. Greenlees},
	DOI = {10.1016/j.aim.2005.07.007},
	URL = {http://dx.doi.org.proxy.its.virginia.edu/10.1016/j.aim.2005.07.007},
}

@UNPUBLISHED{Gui_eht,
	title = {A short note on models for equivariant homotopy theory},
	author = {Guillou, B.},
	note = {Available at: \url{http://www.ms.uky.edu/~guillou/EquivModels.pdf}},	
}

@ARTICLE{Ch05,
	AUTHOR = {Ching, Michael},
	TITLE = {Bar constructions for topological operads and the {G}oodwillie
	              derivatives of the identity},
	JOURNAL = {Geom. Topol.},
	FJOURNAL = {Geometry and Topology},
	VOLUME = {9},
	YEAR = {2005},
	PAGES = {833--933 (electronic)},
	ISSN = {1465-3060},
	MRCLASS = {55P48 (18D50 55P43)},
	MRNUMBER = {2140994 (2006a:55012)},
	MRREVIEWER = {Beno\^ {\i}t Fresse},
	DOI = {10.2140/gt.2005.9.833},
	URL = {http://dx.doi.org/10.2140/gt.2005.9.833},
}

@ARTICLE{Ch12,
	AUTHOR = {Ching, Michael},
	TITLE = {Bar-cobar duality for operads in stable homotopy theory},
	JOURNAL = {J. Topol.},
	FJOURNAL = {Journal of Topology},
	VOLUME = {5},
	YEAR = {2012},
	NUMBER = {1},
	PAGES = {39--80},
	ISSN = {1753-8416},
	MRCLASS = {55P48 (18D50 55P42)},
	MRNUMBER = {2897049},
	MRREVIEWER = {Beno\^ {\i}t Fresse},
	DOI = {10.1112/jtopol/jtr027},
	URL = {http://dx.doi.org/10.1112/jtopol/jtr027},
}

@UNPUBLISHED{GH04,
	title = {Moduli Problems for Structured Ring Spectra},
	author = {Goerss, P.G. and Hopkins, M.J.},
	year = {2004},
	note = {Available at: \url{http://www.math.northwestern.edu/~pgoerss/spectra/obstruct.pdf}}
}

@INCOLLECTION{Sh04,
	AUTHOR = {Shipley, Brooke},
	TITLE = {A convenient model category for commutative ring spectra},
	BOOKTITLE = {Homotopy theory: relations with algebraic geometry, group
              cohomology, and algebraic {$K$}-theory},
	SERIES = {Contemp. Math.},
	VOLUME = {346},
	PAGES = {473--483},
	PUBLISHER = {Amer. Math. Soc., Providence, RI},
	YEAR = {2004},
	MRCLASS = {55P42 (55U35)},
	MRNUMBER = {2066511 (2005d:55014)},
	MRREVIEWER = {Daniel C. Isaksen},
	DOI = {10.1090/conm/346/06300},
	URL = {http://dx.doi.org.proxy.its.virginia.edu/10.1090/conm/346/06300},
}

@article {BM03,
    AUTHOR = {Berger, Clemens and Moerdijk, Ieke},
     TITLE = {Axiomatic homotopy theory for operads},
   JOURNAL = {Comment. Math. Helv.},
  FJOURNAL = {Commentarii Mathematici Helvetici},
    VOLUME = {78},
      YEAR = {2003},
    NUMBER = {4},
     PAGES = {805--831},
      ISSN = {0010-2571},
   MRCLASS = {18D50 (18G55 55P48 55U35)},
  MRNUMBER = {2016697},
MRREVIEWER = {David Chataur},
       DOI = {10.1007/s00014-003-0772-y},
       URL = {https://doi-org.ezproxy.uky.edu/10.1007/s00014-003-0772-y},
}

@ARTICLE{Go03,
	AUTHOR = {Goodwillie, Thomas G.},
	TITLE = {Calculus. {III}. {T}aylor series},
	JOURNAL = {Geom. Topol.},
	FJOURNAL = {Geometry and Topology},
	VOLUME = {7},
	YEAR = {2003},
	PAGES = {645--711 (electronic)},
	ISSN = {1465-3060},
	MRCLASS = {55P65 (19D10 55P42 55U35)},
	MRNUMBER = {2026544 (2005e:55015)},
	MRREVIEWER = {Daniel C. Isaksen},
	DOI = {10.2140/gt.2003.7.645},
	URL = {http://dx.doi.org/10.2140/gt.2003.7.645},
}

@BOOK{Hir03,
	AUTHOR = {Hirschhorn, Philip S.},
	TITLE = {Model categories and their localizations},
	SERIES = {Mathematical Surveys and Monographs},
	VOLUME = {99},
	PUBLISHER = {American Mathematical Society, Providence, RI},
	YEAR = {2003},
	PAGES = {xvi+457},
	ISBN = {0-8218-3279-4},
	MRCLASS = {18G55 (55P60 55U35)},
	MRNUMBER = {1944041 (2003j:18018)},
	MRREVIEWER = {David A. Blanc},
}

@ARTICLE{Vogt03,
	author = "Vogt, R.M.",
	title = {Cofibrant operads and universal {$E_\infty$} operads},
	journal = "Topology and its Applications",
	volume = "133",
	number = "1",
	pages = "69 - 87",
	year = "2003",
	note = "",
	issn = "0166-8641",
	doi = "http://dx.doi.org/10.1016/S0166-8641(03)00055-5",
	url = "http://www.sciencedirect.com/science/article/pii/S0166864103000555",
}


@book {MSS02,
    AUTHOR = {Markl, Martin and Shnider, Steve and Stasheff, Jim},
     TITLE = {Operads in algebra, topology and physics},
    SERIES = {Mathematical Surveys and Monographs},
    VOLUME = {96},
 PUBLISHER = {American Mathematical Society, Providence, RI},
      YEAR = {2002},
     PAGES = {x+349},
      ISBN = {0-8218-2134-2},
   MRCLASS = {18D50 (55P48 55R80)},
  MRNUMBER = {1898414},
MRREVIEWER = {Alexander A. Voronov},
}


@BOOK{Hatcher,
	AUTHOR = {Hatcher, A.},
	TITLE = {Algebraic topology},
	PUBLISHER = {Cambridge University Press, Cambridge},
	YEAR = {2002},
	PAGES = {xii+544},
	ISBN = {0-521-79160-X; 0-521-79540-0},
	MRCLASS = {55-01 (55-00)},
	MRNUMBER = {1867354},
	MRREVIEWER = {Donald W. Kahn},
}

@article {Ho01,
	AUTHOR = {Hovey, Mark},
	TITLE = {Spectra and symmetric spectra in general model categories},
	JOURNAL = {J. Pure Appl. Algebra},
	FJOURNAL = {Journal of Pure and Applied Algebra},
	VOLUME = {165},
	YEAR = {2001},
	NUMBER = {1},
	PAGES = {63--127},
	ISSN = {0022-4049},
	CODEN = {JPAAA2},
	MRCLASS = {55P42 (14F35 14F42 55P43 55U35)},
	MRNUMBER = {1860878},
	MRREVIEWER = {J. P. C. Greenlees},
	DOI = {10.1016/S0022-4049(00)00172-9},
	URL = {http://dx.doi.org/10.1016/S0022-4049(00)00172-9},
}

@ARTICLE{MMSS,
	AUTHOR = {Mandell, M. A. and May, J. P. and Schwede, S. and Shipley, B.},
	TITLE = {Model categories of diagram spectra},
	JOURNAL = {Proc. London Math. Soc. (3)},
	FJOURNAL = {Proceedings of the London Mathematical Society. Third Series},
	VOLUME = {82},
	YEAR = {2001},
	NUMBER = {2},
	PAGES = {441--512},
	ISSN = {0024-6115},
	CODEN = {PLMTAL},
	MRCLASS = {55P42 (18A25 18E30 55U35)},
	MRNUMBER = {1806878 (2001k:55025)},
	MRREVIEWER = {Mark Hovey},
	DOI = {10.1112/S0024611501012692},
	URL = {http://dx.doi.org.proxy.its.virginia.edu/10.1112/S0024611501012692},
}

@ARTICLE{Rez01,
	AUTHOR = {Rezk, Charles},
	TITLE = {A model for the homotopy theory of homotopy theory},
	JOURNAL = {Trans. Amer. Math. Soc.},
	FJOURNAL = {Transactions of the American Mathematical Society},
	VOLUME = {353},
	YEAR = {2001},
	NUMBER = {3},
	PAGES = {973--1007},
	ISSN = {0002-9947},
	MRCLASS = {55U35 (18G30)},
	MRNUMBER = {1804411},
	MRREVIEWER = {Brooke E. Shipley},
	URL = {https://doi.org/10.1090/S0002-9947-00-02653-2},
}

@UNPUBLISHED{Spi,
	AUTHOR = {Spitzweck, M.},
	TITLE = {Operads, algebras and modules in general model categories},
	NOTE = {arXiv preprint \href{https://arxiv.org/abs/math/0101102}{0101102}},
}

@ARTICLE{Bek00,
	AUTHOR = {Beke, Tibor},
	TITLE = {Sheafifiable homotopy model categories},
	JOURNAL = {Math. Proc. Cambridge Philos. Soc.},
	FJOURNAL = {Mathematical Proceedings of the Cambridge Philosophical Society},
	VOLUME = {129},
	YEAR = {2000},
	NUMBER = {3},
	PAGES = {447--475},
	ISSN = {0305-0041},
	MRCLASS = {18D15 (03C95 18F20 18G55)},
	MRNUMBER = {1780498},
	MRREVIEWER = {Masahiko Niwa},
	DOI = {10.1017/S0305004100004722},
	URL = {https://doi.org/10.1017/S0305004100004722},
}

@ARTICLE{HSS,
	AUTHOR = {Hovey, Mark and Shipley, Brooke and Smith, Jeff},
	TITLE = {Symmetric spectra},
	JOURNAL = {J. Amer. Math. Soc.},
	FJOURNAL = {Journal of the American Mathematical Society},
	VOLUME = {13},
	YEAR = {2000},
	NUMBER = {1},
	PAGES = {149--208},
	ISSN = {0894-0347},
	MRCLASS = {55P42 (18D10 18D50 18G30 18G55 55U10 55U35)},
	MRNUMBER = {1695653 (2000h:55016)},
	MRREVIEWER = {J. P. C. Greenlees},
	DOI = {10.1090/S0894-0347-99-00320-3},
	URL = {http://dx.doi.org.proxy.its.virginia.edu/10.1090/S0894-0347-99-00320-3},
}

@ARTICLE{SS00,
	AUTHOR = {Schwede, Stefan and Shipley, Brooke E.},
	TITLE = {Algebras and modules in monoidal model categories},
	JOURNAL = {Proc. London Math. Soc. (3)},
	FJOURNAL = {Proceedings of the London Mathematical Society. Third Series},
	VOLUME = {80},
	YEAR = {2000},
	NUMBER = {2},
	PAGES = {491--511},
	ISSN = {0024-6115},
	CODEN = {PLMTAL},
	MRCLASS = {18D10 (18D50 55P48 55U35)},
	MRNUMBER = {1734325 (2001c:18006)},
	MRREVIEWER = {Mark Hovey},
	DOI = {10.1112/S002461150001220X},
	URL = {http://dx.doi.org.proxy.its.virginia.edu/10.1112/S002461150001220X},
}

@BOOK{Hov99,
	AUTHOR = {Hovey, M.},
	TITLE = {Model categories},
	SERIES = {Mathematical Surveys and Monographs},
	VOLUME = {63},
	PUBLISHER = {American Mathematical Society, Providence, RI},
	YEAR = {1999},
	PAGES = {xii+209},
	ISBN = {0-8218-1359-5},
	MRCLASS = {55U35 (18D15 18G30 18G55)},
	MRNUMBER = {1650134 (99h:55031)},
	MRREVIEWER = {Teimuraz Pirashvili},
}

@UNPUBLISHED{Hov,
	title = {Monoidal model categories},
	author = {Hovey, M.},
	note = {arXiv preprint \href{https://arxiv.org/abs/math/9803002}{9803002}},
}

@BOOK{McL,
	AUTHOR = {Mac Lane, Saunders},
	TITLE = {Categories for the working mathematician},
	SERIES = {Graduate Texts in Mathematics},
	VOLUME = {5},
	EDITION = {Second},
	 PUBLISHER = {Springer-Verlag, New York},
	YEAR = {1998},
	PAGES = {xii+314},
	ISBN = {0-387-98403-8},
	MRCLASS = {18-02},
	MRNUMBER = {1712872 (2001j:18001)},
}

@BOOK{EKMM,
	AUTHOR = {Elmendorf, A. D. and Kriz, I. and Mandell, M. A. and May, J. P.},
	TITLE = {Rings, modules, and algebras in stable homotopy theory},
	SERIES = {Mathematical Surveys and Monographs},
	VOLUME = {47},
	NOTE = {With an appendix by M. Cole},
	PUBLISHER = {American Mathematical Society, Providence, RI},
	YEAR = {1997},
	PAGES = {xii+249},
	ISBN = {0-8218-0638-6},
	MRCLASS = {55N20 (19D10 19D55 55P42 55T25)},
	MRNUMBER = {1417719},
	MRREVIEWER = {Donald M. Davis},
}

@UNPUBLISHED{Sch97,
	AUTHOR = {Schwede, Stefan},
	TITLE = {An untitled book project about symmetric spectra},
	YEAR = {1997},
	NOTE = {Available at:  \texttt{www.math.uni-bonn.de/people/schwede/SymSpec.pdf}}
}

@incollection {DS95,
    AUTHOR = {Dwyer, W. G. and Spali\'{n}ski, J.},
     TITLE = {Homotopy theories and model categories},
 BOOKTITLE = {Handbook of algebraic topology},
     PAGES = {73--126},
 PUBLISHER = {North-Holland, Amsterdam},
      YEAR = {1995},
   MRCLASS = {55Uxx (18E35)},
  MRNUMBER = {1361887},
MRREVIEWER = {Yves F\'{e}lix},
       DOI = {10.1016/B978-044481779-2/50003-1},
       URL = {https://doi.org/10.1016/B978-044481779-2/50003-1},
}

@UNPUBLISHED{GJ94,
	AUTHOR = {Getzler, E. and Jones, J.D.S.},
	TITLE = {Operads, homotopy algebra and iterated integrals for double loop spaces},
	YEAR = {1994},
	NOTE = {Available at:  \texttt{https://arxiv.org/abs/hep-th/9403055}}
}

@ARTICLE{GK94,
	AUTHOR = {Ginzburg, Victor and Kapranov, Mikhail},
	TITLE = {Koszul duality for operads},
	JOURNAL = {Duke Math. J.},
	FJOURNAL = {Duke Mathematical Journal},
	VOLUME = {76},
	YEAR = {1994},
	NUMBER = {1},
	PAGES = {203--272},
	ISSN = {0012-7094},
	CODEN = {DUMJAO},
	MRCLASS = {18D10 (14H10 16S99 18G50 55P47)},
	MRNUMBER = {1301191 (96a:18004)},
	MRREVIEWER = {Igor K{\v{r}}{\'{\i}}{\v{z}}},
	DOI = {10.1215/S0012-7094-94-07608-4},
	URL = {http://dx.doi.org/10.1215/S0012-7094-94-07608-4},
}

@ARTICLE{CW91,
	AUTHOR = {Costenoble, Steven R. and Waner, Stefan},
	TITLE = {Fixed set systems of equivariant infinite loop spaces},
	JOURNAL = {Trans. Amer. Math. Soc.},
	FJOURNAL = {Transactions of the American Mathematical Society},
	VOLUME = {326},
	YEAR = {1991},
	NUMBER = {2},
	PAGES = {485--505},
	ISSN = {0002-9947},
	MRCLASS = {55P91 (55N91 55P47 55R35)},
	MRNUMBER = {1012523},
	MRREVIEWER = {Ryszard Doman},
	DOI = {10.2307/2001770},
	URL = {http://dx.doi.org.proxy.its.virginia.edu/10.2307/2001770},
}


@ARTICLE{Go91,
	AUTHOR = {Goodwillie, Thomas G.},
	TITLE = {Calculus. {II}. {A}nalytic functors},
	JOURNAL = {$K$-Theory},
	FJOURNAL = {$K$-Theory. An Interdisciplinary Journal for the Development,
              Application, and Influence of $K$-Theory in the Mathematical
              Sciences},
	VOLUME = {5},
	YEAR = {1991/92},
	NUMBER = {4},
	PAGES = {295--332},
	ISSN = {0920-3036},
	CODEN = {KTHEEO},
	MRCLASS = {55P65 (18G55 19D10 55Q30)},
	MRNUMBER = {1162445 (93i:55015)},
	MRREVIEWER = {Roland Schw{\"a}nzl},
	DOI = {10.1007/BF00535644},
	URL = {http://dx.doi.org/10.1007/BF00535644},
}

@ARTICLE{Pia91,
    AUTHOR = {Piacenza, Robert J.},
     TITLE = {Homotopy theory of diagrams and {CW}-complexes over a
              category},
   JOURNAL = {Canad. J. Math.},
  FJOURNAL = {Canadian Journal of Mathematics. Journal Canadien de
              Math\'{e}matiques},
    VOLUME = {43},
      YEAR = {1991},
    NUMBER = {4},
     PAGES = {814--824},
      ISSN = {0008-414X},
   MRCLASS = {55U35 (18G99)},
  MRNUMBER = {1127031},
MRREVIEWER = {John F. Oprea},
       DOI = {10.4153/CJM-1991-046-3},
       URL = {https://doi-org.ezproxy.uky.edu/10.4153/CJM-1991-046-3},
}

@ARTICLE{Go90,
	AUTHOR = {Goodwillie, Thomas G.},
	TITLE = {Calculus. {I}. {T}he first derivative of pseudoisotopy theory},
	JOURNAL = {$K$-Theory},
	FJOURNAL = {$K$-Theory. An Interdisciplinary Journal for the Development,
              Application, and Influence of $K$-Theory in the Mathematical
              Sciences},
	VOLUME = {4},
	YEAR = {1990},
	NUMBER = {1},
	PAGES = {1--27},
	ISSN = {0920-3036},
	CODEN = {KTHEEO},
	MRCLASS = {57Q10 (19M05 55P99)},
	MRNUMBER = {1076523 (92m:57027)},
	DOI = {10.1007/BF00534191},
	URL = {http://dx.doi.org/10.1007/BF00534191},
}

@ARTICLE{Elm83,
	title = {Systems of fixed point sets},
	author = {Elmendorf, A. D.},
	journal = {Transactions of the American Mathematical Society},
	volume = {277},
	issue = {1},
	pages = {275--284},
	year = {1983}
}

@BOOK{BV73,
	    AUTHOR = {Boardman, J. M. and Vogt, R. M.},
     TITLE = {Homotopy invariant algebraic structures on topological spaces},
    SERIES = {Lecture Notes in Mathematics},
    Volume = {347},
 PUBLISHER = {Springer-Verlag},
      YEAR = {1973},
     PAGES = {x+257},
   MRCLASS = {55D35},
  MRNUMBER = {0420609},
MRREVIEWER = {J. Stasheff},
}

@BOOK{May72,
	AUTHOR = {May, J. P.},
	TITLE = {The geometry of iterated loop spaces},
	NOTE = {Lectures Notes in Mathematics, Vol. 271},
	PUBLISHER = {Springer-Verlag, Berlin-New York},
	YEAR = {1972},
	PAGES = {viii+175},
	MRCLASS = {55D35},
	MRNUMBER = {0420610 (54 \#8623b)},
	MRREVIEWER = {J. Stasheff},
}

@INCOLLECTION{EK66,
	AUTHOR = {Eilenberg, Samuel and Kelly, G. Max},
	TITLE = {Closed categories},
	BOOKTITLE = {Proc. {C}onf. {C}ategorical {A}lgebra ({L}a {J}olla, {C}alif., 1965)},
	PAGES = {421--562},
	PUBLISHER = {Springer, New York},
	YEAR = {1966},
	MRCLASS = {18.10},
	MRNUMBER = {0225841},
	MRREVIEWER = {F. E. J. Linton},
}

@article {Ber17,
    AUTHOR = {Bergner, Julia E.},
     TITLE = {Equivalence of models for equivariant
              {$(\infty,1)$}-categories},
   JOURNAL = {Glasg. Math. J.},
  FJOURNAL = {Glasgow Mathematical Journal},
    VOLUME = {59},
      YEAR = {2017},
    NUMBER = {1},
     PAGES = {237--253},
      ISSN = {0017-0895},
   MRCLASS = {55P91 (18G55 55U35 55U40)},
  MRNUMBER = {3576335},
MRREVIEWER = {Steven R. Costenoble},
       URL = {https://doi.org/10.1017/S0017089516000136},
}

@incollection {JT06,
    AUTHOR = {Joyal, Andr\'{e} and Tierney, Myles},
     TITLE = {Quasi-categories vs {S}egal spaces},
 BOOKTITLE = {Categories in algebra, geometry and mathematical physics},
    SERIES = {Contemp. Math.},
    VOLUME = {431},
     PAGES = {277--326},
 PUBLISHER = {Amer. Math. Soc., Providence, RI},
      YEAR = {2007},
   MRCLASS = {55U35 (18G55)},
  MRNUMBER = {2342834},
MRREVIEWER = {Nicola Gambino},
       DOI = {10.1090/conm/431/08278},
       URL = {https://doi-org.ezproxy.uky.edu/10.1090/conm/431/08278},
}

@unpublished {Cav,
author = {Caviglia, Giovanni},
title = {A model structure for enriched coloured operads},
note = {arXiv preprint \href{https://arxiv.org/abs/1401.6983}{1401.6983}},
}


@incollection {BM07,
    AUTHOR = {Berger, Clemens and Moerdijk, Ieke},
     TITLE = {Resolution of coloured operads and rectification of homotopy
              algebras},
 BOOKTITLE = {Categories in algebra, geometry and mathematical physics},
    SERIES = {Contemp. Math.},
    VOLUME = {431},
     PAGES = {31--58},
 PUBLISHER = {Amer. Math. Soc., Providence, RI},
      YEAR = {2007},
   MRCLASS = {18D50 (18G55 55U35)},
  MRNUMBER = {2342815},
       DOI = {10.1090/conm/431/08265},
       URL = {https://doi-org.ezproxy.uky.edu/10.1090/conm/431/08265},
}

@article {BM13,
    AUTHOR = {Berger, Clemens and Moerdijk, Ieke},
     TITLE = {On the homotopy theory of enriched categories},
   JOURNAL = {Q. J. Math.},
  FJOURNAL = {The Quarterly Journal of Mathematics},
    VOLUME = {64},
      YEAR = {2013},
    NUMBER = {3},
     PAGES = {805--846},
      ISSN = {0033-5606},
   MRCLASS = {18D20 (18G55)},
  MRNUMBER = {3094501},
MRREVIEWER = {Philippe Gaucher},
       DOI = {10.1093/qmath/hat023},
       URL = {https://doi.org/10.1093/qmath/hat023},
}

@article {Cis06,
    AUTHOR = {Cisinski, Denis-Charles},
     TITLE = {Les pr\'efaisceaux comme mod\`eles des types d'homotopie},
   JOURNAL = {Ast\'erisque},
  FJOURNAL = {Ast\'erisque},
    VOLUME = {308},
      YEAR = {2006},
     PAGES = {xxiv+390},
      ISSN = {0303-1179},
      ISBN = {978-2-85629-225-9},
   MRCLASS = {55-02 (18F20 18G50 55P60 55U35)},
  MRNUMBER = {2294028},
MRREVIEWER = {Philippe Gaucher},
}

@article{Joy02,
title = "Quasi-categories and {K}an complexes",
journal = "Journal of Pure and Applied Algebra",
volume = "175",
number = "1",
pages = "207 - 222",
year = "2002",
note = "Special Volume celebrating the 70th birthday of Professor Max Kelly",
issn = "0022-4049",
doi = "{10.1016/S0022-4049(02)00135-4}",
url = "http://www.sciencedirect.com/science/article/pii/S0022404902001354",
author = "A. Joyal"
}

@unpublished{Rie,
        title = {Quasi-categories as {$(\infty,1)$}-categories},
        author = {Riehl, Emily},
        note = {Can be found at \href{http://www.math.jhu.edu/~eriehl/quasi-categories-as.pdf}},
        year = {}
}


@UNPUBLISHED{Law,
	title = {Localization of enriched categories and cubical sets},
	author = {Lawson, Tyler},
	note = {arXiv prepint: \url{1602.05313}}
}

@unpublished{Lur,
       title = {Higher Algebra},
       author = {Lurie, Jacob},
       note = {Can be found at \url{http://www.math.harvard.edu/~lurie/papers/HA.pdf}}
       }

@UNPUBLISHED{Wal15,
	title = {Homotopy theory in a quasi-abelian category},
	author = {Wallbridge, James},
	year = {2015},
	note = {arXiv prepint: 1610.04055}
}


@article {Mur11,
    AUTHOR = {Muro, Fernando},
     TITLE = {Homotopy theory of nonsymmetric operads},
   JOURNAL = {Algebr. Geom. Topol.},
  FJOURNAL = {Algebraic \& Geometric Topology},
    VOLUME = {11},
      YEAR = {2011},
    NUMBER = {3},
     PAGES = {1541--1599},
      ISSN = {1472-2747},
   MRCLASS = {18D50 (18D10)},
  MRNUMBER = {2821434},
MRREVIEWER = {Viorel Mihai Gontineac},
       DOI = {10.2140/agt.2011.11.1541},
       URL = {https://doi-org.ezproxy.uky.edu/10.2140/agt.2011.11.1541},
}

@article {Mur14,
    AUTHOR = {Muro, F.},
     TITLE = {Homotopy theory of non-symmetric operads, {II}: {C}hange of
              base category and left properness},
   JOURNAL = {Algebr. Geom. Topol.},
  FJOURNAL = {Algebraic \& Geometric Topology},
    VOLUME = {14},
      YEAR = {2014},
    NUMBER = {1},
     PAGES = {229--281},
      ISSN = {1472-2747},
   MRCLASS = {18D50 (18D10 18G55)},
  MRNUMBER = {3158759},
MRREVIEWER = {David Chataur},
       URL = {https://doi.org/10.2140/agt.2014.14.229},
}

@phdthesis {Hoy14,
    AUTHOR = {Hoyer, R.},
     TITLE = {Two topics in stable homotopy theory},
    SCHOOL = {University of Chicago},
      YEAR = {2014}
}

@unpublished {HH,
   AUTHOR = {Hill, M. and Hopkins, M.},
    TITLE = {Equivariant symmetric monoidal structures},
     NOTE = {arXiv prepint: \url{1610.03114}}
}

@unpublished {Maz17,
   AUTHOR = {Mazur, K.},
    TITLE = {An equivariant tensor product on {M}ackey functors},
     YEAR = {2017},
     NOTE = {arXiv prepint: 1508.04062}
}

@unpublished {Ull13,
   AUTHOR = {Ullman, J.},
    TITLE = {Tambara Functors and Commutative Ring Spectra},
     YEAR = {2013},
     NOTE = {arXiv prepint: 1304.4912}
}

@book {Lei04,
    AUTHOR = {Leinster, T.},
     TITLE = {Higher operads, higher categories},
    SERIES = {London Mathematical Society Lecture Note Series},
    VOLUME = {298},
 PUBLISHER = {Cambridge University Press, Cambridge},
      YEAR = {2004},
     PAGES = {xiv+433},
      ISBN = {0-521-53215-9},
   MRCLASS = {18D50 (55P48)},
  MRNUMBER = {2094071},
MRREVIEWER = {R. H. Street},
       DOI = {10.1017/CBO9780511525896},
       URL = {https://doi-org.ezproxy.uky.edu/10.1017/CBO9780511525896},
}

@article{BO15,
  title={Constructing equivariant spectra via categorical {M}ackey functors},
  author={Bohmann, A.M. and Osorno, A.},
  journal={Algebraic \& Geometric Topology},
  volume={15},
  number={1},
  pages={537--563},
  year={2015},
  publisher={Mathematical Sciences Publishers}
}

@article {Boh14,
    AUTHOR = {Bohmann, Anna Marie},
     TITLE = {A comparison of norm maps},
      NOTE = {With an appendix by Bohmann and Emily Riehl},
   JOURNAL = {Proc. Amer. Math. Soc.},
  FJOURNAL = {Proceedings of the American Mathematical Society},
    VOLUME = {142},
      YEAR = {2014},
    NUMBER = {4},
     PAGES = {1413--1423},
      ISSN = {0002-9939},
   MRCLASS = {55P91 (18D10 55P42)},
  MRNUMBER = {3162261},
MRREVIEWER = {Rekha Santhanam},
       DOI = {10.1090/S0002-9939-2014-11845-4},
       URL = {https://doi-org.ezproxy.uky.edu/10.1090/S0002-9939-2014-11845-4},
}

@incollection {BMOOPY15,
    AUTHOR = {Bohmann, Anna Marie and Mazur, Kristen and Osorno, Ang\'{e}lica M.
              and Ozornova, Viktoriya and Ponto, Kate and Yarnall, Carolyn},
     TITLE = {A model structure on {$G \mathcal{Cat}$}},
 BOOKTITLE = {Women in topology: collaborations in homotopy theory},
    SERIES = {Contemp. Math.},
    VOLUME = {641},
     PAGES = {123--134},
 PUBLISHER = {Amer. Math. Soc., Providence, RI},
      YEAR = {2015},
   MRCLASS = {55P91 (18G55)},
  MRNUMBER = {3380072},
MRREVIEWER = {Stanis\l aw Betley},
       DOI = {10.1090/conm/641/12861},
       URL = {https://doi-org.ezproxy.uky.edu/10.1090/conm/641/12861},
}

@phdthesis {Nar17,
    AUTHOR = {Nardin, D.},
     TITLE = {Stability and distributivity over orbital $\infty$-categories},
    SCHOOL = {MIT},
      YEAR = 2017
}

@article {BH18,
    AUTHOR = {Blumberg, Andrew and Hill, Michael},
     TITLE = {Incomplete {T}ambara functors},
   JOURNAL = {Algebr. Geom. Topol.},
  FJOURNAL = {Algebraic \& Geometric Topology},
    VOLUME = {18},
      YEAR = {2018},
    NUMBER = {2},
     PAGES = {723--766},
      ISSN = {1472-2747},
   MRCLASS = {55P91 (18B99 19A22 55N91)},
  MRNUMBER = {3773736},
MRREVIEWER = {Lennart Meier},
       DOI = {10.2140/agt.2018.18.723},
       URL = {https://doi-org.ezproxy.uky.edu/10.2140/agt.2018.18.723},
}

@article{PS18,
author = {Pavlov, Dmitri and Scholbach, Jakob},
title = {Admissibility and rectification of colored symmetric operads},
journal = {Journal of Topology},
volume = {11},
number = {3},
year = {2018},
pages = {559-601},
keywords = {55P48, 18D50, 18G55, 55U35 (primary), 55P43, 18D20 (secondary)},
doi = {10.1112/topo.12008},
url = {https://londmathsoc.onlinelibrary.wiley.com/doi/abs/10.1112/topo.12008},
eprint = {https://londmathsoc.onlinelibrary.wiley.com/doi/pdf/10.1112/topo.12008}
}

@unpublished{PS15,
author = {Pavlov, Dmitri and Scholbach, Jakob},
title = {Admissibility and rectification of colored symmetric operads},
year = {2015},
note = {arXiv preprint 1410.5675}
}

@article {AGG15,
    AUTHOR = {Ara, Dimitri and Groth, Moritz and Guti\'{e}rrez, Javier J.},
     TITLE = {On autoequivalences of the {$(\infty,1)$}-category of
              {$\infty$}-operads},
   JOURNAL = {Math. Z.},
  FJOURNAL = {Mathematische Zeitschrift},
    VOLUME = {281},
      YEAR = {2015},
    NUMBER = {3-4},
     PAGES = {807--848},
      ISSN = {0025-5874},
   MRCLASS = {18D50},
  MRNUMBER = {3421642},
MRREVIEWER = {Christopher L. Rogers},
       DOI = {10.1007/s00209-015-1509-5},
       URL = {https://doi-org.ezproxy.uky.edu/10.1007/s00209-015-1509-5},
}

@unpublished{BH_gsym,
author = {Blumberg, Andrew and Hill, Michael},
title = {G-symmetric monoidal categories of modules over
equivariant commutative ring spectra},
note = {arXiv preprint \url{1511.07363}}
}

@article {Kel05,
    AUTHOR = {Kelly, G. M.},
     TITLE = {On the operads of {J}. {P}. {M}ay},
   JOURNAL = {Repr. Theory Appl. Categ.},
  FJOURNAL = {Reprints in Theory and Applications of Categories},
    NUMBER = {13},
      YEAR = {2005},
     PAGES = {1--13},
   MRCLASS = {18D50 (18C15 18D10 18D20)},
  MRNUMBER = {2177746},
MRREVIEWER = {Agust\'{i} Roig}
}


@unpublished{BPGSym,
author = {Bonventre, Peter and Pereira, Lu{\'i}s Alexandre},
title = {New models and comparisons of genuine equivariant symmetric monoidal categories},
note = {In preparation}
}

@unpublished{BonNerve,
author = {Bonventre, Peter},
title = {The genuine operadic nerve},
note = {arXiv preprint \href{https://arxiv.org/abs/1904.01465}{1904.01465}},
}

@unpublished{BPAlg,
author = {Bonventre, Peter and Pereira, Lu{\'i}s Alexandre},
title = {Colored genuine equivariant operads, $G$-symmetric monoidal categories, and algebras},
note = {In preparation}
}

@article {Bar18,
    AUTHOR = {Barwick, C.},
     TITLE = {From operator categories to higher operads},
   JOURNAL = {Geom. Topol.},
  FJOURNAL = {Geometry \& Topology},
    VOLUME = {22},
      YEAR = {2018},
    NUMBER = {4},
     PAGES = {1893--1959},
      ISSN = {1465-3060},
   MRCLASS = {18D50 (55P48 55U40)},
  MRNUMBER = {3784514},
       DOI = {10.2140/gt.2018.22.1893},
       URL = {https://doi-org.ezproxy.uky.edu/10.2140/gt.2018.22.1893},
}

@unpublished{BDGNS,
author = {Barwick, C. and Dotto, E. and Glasman, S. and Nardin, D. and Shah, J.},
title = {Parametrized higher category theory and higher algebra: a general introduction},
note = {arXiv preprint \url{1608.03654}}
}


@article {MT78,
    AUTHOR = {May, J. P. and Thomason, R.},
     TITLE = {The uniqueness of infinite loop space machines},
   JOURNAL = {Topology},
  FJOURNAL = {Topology. An International Journal of Mathematics},
    VOLUME = {17},
      YEAR = {1978},
    NUMBER = {3},
     PAGES = {205--224},
      ISSN = {0040-9383},
   MRCLASS = {55P42 (55N22 55P35)},
  MRNUMBER = {508885},
MRREVIEWER = {J. F. Adams},
       DOI = {10.1016/0040-9383(78)90026-5},
       URL = {https://doi-org.ezproxy.uky.edu/10.1016/0040-9383(78)90026-5},
}


@unpublished{MMO,
author = {May, J. P. and Merling, M. and Osorno, A.},
title = {Equivariant infinite loop space theory, {I}. The space level story},
note = {arXiv preprint \url{1704.03413}}
}

@article{GMMO19,
title = "A symmetric monoidal and equivariant {S}egal infinite loop space machine",
journal = "Journal of Pure and Applied Algebra",
volume = "223",
number = "6",
pages = "2425 - 2454",
year = "2019",
issn = "0022-4049",
doi = "https://doi.org/10.1016/j.jpaa.2018.09.001",
url = "http://www.sciencedirect.com/science/article/pii/S0022404918302238",
author = {Guillou, B. and May, J.P. and Merling, M. and Osorno, A.},
keywords = "Infinite loop space machine, Equivariant stable homotopy theory",
}

@article {BN14,
    AUTHOR = {Ba\v{s}i\'{c}, M. and Nikolaus, T.},
     TITLE = {Dendroidal sets as models for connective spectra},
   JOURNAL = {J. K-Theory},
  FJOURNAL = {Journal of K-Theory. K-Theory and its Applications in Algebra,
              Geometry, Analysis \& Topology},
    VOLUME = {14},
      YEAR = {2014},
    NUMBER = {3},
     PAGES = {387--421},
      ISSN = {1865-2433},
   MRCLASS = {55P48 (18D50 55U35)},
  MRNUMBER = {3349322},
MRREVIEWER = {David Chataur},
       DOI = {10.1017/is014005003jkt265},
       URL = {https://doi-org.ezproxy.uky.edu/10.1017/is014005003jkt265},
}


@article {Nik14,
    AUTHOR = {Nikolaus, T.},
     TITLE = {Algebraic {K}-theory of {$\infty$}-operads},
   JOURNAL = {J. K-Theory},
  FJOURNAL = {Journal of K-Theory. K-Theory and its Applications in Algebra,
              Geometry, Analysis \& Topology},
    VOLUME = {14},
      YEAR = {2014},
    NUMBER = {3},
     PAGES = {614--641},
      ISSN = {1865-2433},
   MRCLASS = {55U35 (18D50 18G30)},
  MRNUMBER = {3349328},
MRREVIEWER = {David Chataur},
       DOI = {10.1017/is014008019jkt277},
       URL = {https://doi-org.ezproxy.uky.edu/10.1017/is014008019jkt277},
}

@unpublished {Heu,
author = {Heuts, G.},
title = {Algebras over infinity-operads},
note = {arXiv preprint \url{1110.1776}}
}

@unpublished{BS,
author = {Barthel, T. and Stapleton, N.},
title = {The character of the total power operation},
note = {arXiv preprint \url{1502.01987}}
}


@article{DK80,
  title={Simplicial localizations of categories},
  author={Dwyer, W.G. and Kan, D. M.},
  journal={J. Pure Appl. Algebra},
  volume={17},
  number={3},
  pages={267--284},
  year={1980},
         DOI = {10.1016/0022-4049(80)90049-3},
}


@article{Ber07b,
  title={A model category structure on the category of simplicial categories},
  author={Bergner, Julia E.},
  journal={Transactions of the American Mathematical Society},
  volume={359},
  number={5},
  pages={2043--2058},
  year={2007},
         DOI = {10.1090/S0002-9947-06-03987-0},
}


@article {Mur15,
    AUTHOR = {Muro, F.},
     TITLE = {Dwyer-{K}an homotopy theory of enriched categories},
   JOURNAL = {J. Topol.},
  FJOURNAL = {Journal of Topology},
    VOLUME = {8},
      YEAR = {2015},
    NUMBER = {2},
     PAGES = {377--413},
      ISSN = {1753-8416},
   MRCLASS = {18D20 (18G55 55U35)},
  MRNUMBER = {3356766},
MRREVIEWER = {Philippe Gaucher},
       DOI = {10.1112/jtopol/jtu029},
       URL = {https://doi-org.ezproxy.uky.edu/10.1112/jtopol/jtu029},
}


@article{EM09,
  title={Permutative categories, multicategories and algebraic K--theory},
  author={Elmendorf, A D and Mandell, M A},
  journal={Algebraic \& Geometric Topology},
  volume={9},
  number={4},
  pages={2391--2441},
  year={2009},
  publisher={Mathematical Sciences Publishers}
}

@phdthesis{Rez96,
  title={Spaces of algebra structures and cohomology of operads},
  author={Rezk, Charles},
  year={1996},
  school={Massachusetts Institute of Technology}
}

@MISC {CisOF,
    TITLE = {Is the model category of Complete Segal Spaces right proper?},
    AUTHOR = {Cisinski, D-C},
    HOWPUBLISHED = {MathOverflow},
    NOTE = {Can be found at \url{https://mathoverflow.net/q/40967, accessed 2018-07-10)}},
}

@unpublished{JT_simp,
  title={Notes on simplicial homotopy theory},
  author={Joyal, A. and Tierney, M.},
 note = {Available at \href{http://mat.uab.cat/~kock/crm/hocat/advanced-course/Quadern47.pdf}, accessed 2019-02-11}
}

@unpublished{Hir,
title = {Overcategories and undercategories of model categories},
author = {Hirschhorn, P.},
note = {arXiv preprint \href{https://arxiv.org/abs/1507.01624}{1507.01624}},
}

@Inbook{Ber10,
author="Bergner, Julia E.",
title={A survey of {$(\infty, 1)$}-Categories},
bookTitle="Towards Higher Categories",
year="2010",
publisher="Springer New York",
address="New York, NY",
pages="69--83",
isbn="978-1-4419-1524-5",
note={doi:\href{https://dx.doi.org/10.1007/978-1-4419-1524-5_2}{\nolinkurl{10.1007/978-1-4419-1524-5_2}}},
url={https://doi.org/10.1007/978-1-4419-1524-5_2}
}

@article{BM06,
title = {The {B}oardman--{V}ogt resolution of operads in monoidal model categories},
journal = "Topology",
volume = "45",
number = "5",
pages = {807 -- 849},
year = "2006",
author = {Berger, Clemens and Moerdijk, Ieke},
       DOI = {10.1016/j.top.2006.05.001},
       }


@unpublished{ABGHLM,
author = {Angeltveit, V. and Blumberg, A. and Gerhardt, T. and Hill, M. and Lawson, T. and Mandell, M.},
title = {Topological cyclic homology via the norm},
note = {arXiv preprint: \href{https://arxiv.org/abs/1401.5001}{1401.5001}}}

@article{CHH18,
author = {Chu, H. and Haugseng, R. and Heuts, G.},
title = {Two models for the homotopy theory of {$\infty$}-operads},
journal = {Journal of Topology},
volume = {11},
number = {4},
pages = {857-873},
keywords = {18D50, 55U35 (primary)},
doi = {10.1112/topo.12071},
url = {https://londmathsoc.onlinelibrary.wiley.com/doi/abs/10.1112/topo.12071},
eprint = {https://londmathsoc.onlinelibrary.wiley.com/doi/pdf/10.1112/topo.12071},
abstract = {Abstract We compare two models for ∞-operads: the complete Segal operads of Barwick and the complete dendroidal Segal spaces of Cisinski and Moerdijk. Combining this with comparison results already in the literature, this implies that all known models for ∞-operads are equivalent — for instance, it follows that the homotopy theory of Lurie's ∞-operads is equivalent to that of dendroidal sets and that of simplicial operads.},
year = {2018}
}

@InProceedings{Gra66,
author="{Gray, J.}",
editor="Eilenberg, S.
and Harrison, D. K.
and MacLane, S.
and R{\"o}hrl, H.",
title="Fibred and Cofibred Categories",
booktitle="Proceedings of the Conference on Categorical Algebra",
year="1966",
publisher="Springer Berlin Heidelberg",
address="Berlin, Heidelberg",
pages="21--83",
abstract="Fibred categories were introduced by Gkothendieck in [SGA] and [BB190]. As far as I know these are the only easily available references to the subject. Through sheer luck, during the final preparation of this paper I obtained a copy of handwritten notes [BN] of a seminar given by Chevalley at Berkeley in 1962 which treated these questions from a slightly different point of view. We discuss the ``Chevalley condition'' in 3.11.",
isbn="978-3-642-99902-4"
}

@article {Her00,
    AUTHOR = {Hermida, Claudio},
     TITLE = {Representable multicategories},
   JOURNAL = {Adv. Math.},
  FJOURNAL = {Advances in Mathematics},
    VOLUME = {151},
      YEAR = {2000},
    NUMBER = {2},
     PAGES = {164--225},
      ISSN = {0001-8708},
   MRCLASS = {18D05 (18D10)},
  MRNUMBER = {1758246},
       DOI = {10.1006/aima.1999.1877},
       URL = {https://doi-org.ezproxy.uky.edu/10.1006/aima.1999.1877},
}

@incollection {Her04,
    AUTHOR = {Hermida, Claudio},
     TITLE = {Fibrations for abstract multicategories},
 BOOKTITLE = {Galois theory, {H}opf algebras, and semiabelian categories},
    SERIES = {Fields Inst. Commun.},
    VOLUME = {43},
     PAGES = {281--293},
 PUBLISHER = {Amer. Math. Soc., Providence, RI},
      YEAR = {2004},
   MRCLASS = {18D10 (18D30 18D50)},
  MRNUMBER = {2075589},
}

@unpublished{BW,
author = {Beardsley, J. and Wong, L. Z.},
title = {The enriched {G}rothendieck construction},
note = {arXiv preprint: \href{https://arxiv.org/abs/1804.03829}{\texttt{1804.03829}}}
}

@article {Kl65,
    AUTHOR = {Kleisli, Heinrich},
     TITLE = {Every standard construction is induced by a pair of adjoint
              functors},
   JOURNAL = {Proc. Amer. Math. Soc.},
  FJOURNAL = {Proceedings of the American Mathematical Society},
    VOLUME = {16},
      YEAR = {1965},
     PAGES = {544--546},
      ISSN = {0002-9939},
   MRCLASS = {18.10},
  MRNUMBER = {0177024},
MRREVIEWER = {P. J. Huber},
       DOI = {10.2307/2034693},
       URL = {https://doi-org.ezproxy.uky.edu/10.2307/2034693},
}

@article {BB17,
    AUTHOR = {Batanin, M. A. and Berger, C.},
     TITLE = {Homotopy theory for algebras over polynomial monads},
   JOURNAL = {Theory Appl. Categ.},
  FJOURNAL = {Theory and Applications of Categories},
    VOLUME = {32},
      YEAR = {2017},
     PAGES = {Paper No. 6, 148--253},
      ISSN = {1201-561X},
   MRCLASS = {18D20 (18C15 18D50 55P48)},
  MRNUMBER = {3607212},
MRREVIEWER = {Javier J. Guti\'{e}rrez},
}

@article {Str00,
    AUTHOR = {Strickland, N. P.},
     TITLE = {{$K(N)$}-local duality for finite groups and groupoids},
   JOURNAL = {Topology},
  FJOURNAL = {Topology. An International Journal of Mathematics},
    VOLUME = {39},
      YEAR = {2000},
    NUMBER = {4},
     PAGES = {733--772},
      ISSN = {0040-9383},
   MRCLASS = {55N15 (18D35 19L99 57R56)},
  MRNUMBER = {1760427},
MRREVIEWER = {Ulrike Tillmann},
       DOI = {10.1016/S0040-9383(99)00031-2},
       URL = {https://doi-org.ezproxy.uky.edu/10.1016/S0040-9383(99)00031-2},
}



@article {MM02,
    AUTHOR = {Mandell, M. A. and May, J. P.},
     TITLE = {Equivariant orthogonal spectra and {$S$}-modules},
   JOURNAL = {Mem. Amer. Math. Soc.},
  FJOURNAL = {Memoirs of the American Mathematical Society},
    VOLUME = {159},
      YEAR = {2002},
    NUMBER = {755},
     PAGES = {x+108},
      ISSN = {0065-9266},
   MRCLASS = {55P91 (18E30 55P42 55P43 55P48)},
  MRNUMBER = {1922205},
MRREVIEWER = {J. P. C. Greenlees},
       DOI = {10.1090/memo/0755},
       URL = {https://doi-org.ezproxy.uky.edu/10.1090/memo/0755},
}

@unpublished {Rez,
author = {Rezk, Charles},
title = {A model category for categories},
note = {Available at \href{https://faculty.math.illinois.edu/~rezk/papers.html}{https://faculty.math.illinois.edu/~rezk/papers.html}}
}


@article {GV12,
    AUTHOR = {Guti\'{e}rrez, Javier J. and Vogt, Rainer M.},
     TITLE = {A model structure for coloured operads in symmetric spectra},
   JOURNAL = {Math. Z.},
  FJOURNAL = {Mathematische Zeitschrift},
    VOLUME = {270},
      YEAR = {2012},
    NUMBER = {1-2},
     PAGES = {223--239},
      ISSN = {0025-5874},
   MRCLASS = {18D50 (55P43 55P48)},
  MRNUMBER = {2875831},
MRREVIEWER = {Vigleik Angeltveit},
       DOI = {10.1007/s00209-010-0794-2},
       URL = {https://doi-org.ezproxy.uky.edu/10.1007/s00209-010-0794-2},
}

@article {Rie11,
    AUTHOR = {Riehl, Emily},
     TITLE = {On the structure of simplicial categories associated to
              quasi-categories},
   JOURNAL = {Math. Proc. Cambridge Philos. Soc.},
  FJOURNAL = {Mathematical Proceedings of the Cambridge Philosophical
              Society},
    VOLUME = {150},
      YEAR = {2011},
    NUMBER = {3},
     PAGES = {489--504},
      ISSN = {0305-0041},
   MRCLASS = {18G30 (55U10 55U40)},
  MRNUMBER = {2784771},
MRREVIEWER = {Mark W. Johnson},
       DOI = {10.1017/S0305004111000053},
       URL = {https://doi-org.ezproxy.uky.edu/10.1017/S0305004111000053},
}

@article {Cor82,
    AUTHOR = {Cordier, Jean-Marc},
     TITLE = {Sur la notion de diagramme homotopiquement coh\'{e}rent},
      NOTE = {Third Colloquium on Categories, Part VI (Amiens, 1980)},
   JOURNAL = {Cahiers Topologie G\'{e}om. Diff\'{e}rentielle},
  FJOURNAL = {Cahiers de Topologie et G\'{e}om\'{e}trie Diff\'{e}rentielle},
    VOLUME = {23},
      YEAR = {1982},
    NUMBER = {1},
     PAGES = {93--112},
      ISSN = {0008-0004},
   MRCLASS = {18D20 (55P99)},
  MRNUMBER = {648798},
MRREVIEWER = {Timothy Porter},
}

@unpublished{Joy,
author = {Joyal, Andr\'{e}},
title = {Quasi-categories vs simplicial categories},
note = {Available at \href{http://www.math.uchicago.edu/~may/IMA/Incoming/Joyal/QvsDJan9(2007).pdf}{http://www.math.uchicago.edu/~may/IMA/Incoming/Joyal/QvsDJan9(2007).pdf}}
}